
@article{summary:usability,
	author = "Hannes Kaufmann and Andres D{\"{u}}nser",
	title = "Summary of Usability Evaluations of an Educational Augmented Reality Application",
	year = "2007",
	publisher = "Springer-Verlag Berlin Heidelberg",
	journal = "Virtual Reality, HCII2007, LNCS 4563, pp660-669 2007."
}